@article{cucinotta2020declares,
	title={WHO declares COVID-19 a pandemic},
	author={Cucinotta, Domenico and Vanelli, Maurizio},
	journal={Acta Bio Medica: Atenei Parmensis},
	volume={91},
	number={1},
	pages={157},
	year={2020},
	publisher={Mattioli 1885}
}

@article{national2020nih,
	title={NIH clinical trial of investigational vaccine for COVID-19 begins},
	author={NIH and others},
	journal={Taken from: https://www. nih. gov/news-events/newsreleases/nih-clinical-trial-investigational-vaccine-covid-19-begins[published},
	pages={03--16},
	year={2020}
}